<?xml version="1.0" encoding="utf-8"?>
<record xmlns="http://www.loc.gov/MARC21/slim" xmlns:xsi="http://www.w3.org/2001/XMLSchema-instance" xsi:schemaLocation="http://www.loc.gov/MARC21/slim http://www.loc.gov/standards/marcxml/schema/MARC21slim.xsd">
	<leader>     nam a22     Mi 4500</leader>
	<controlfield tag="001">4148029</controlfield>
	<controlfield tag="003">NjP</controlfield>
	<controlfield tag="006">m        d        </controlfield>
	<controlfield tag="007">cr cn |||m|||a</controlfield>
	<controlfield tag="008">200430m19581960sy      o     000 0 ara d</controlfield>
	<datafield ind1=" " ind2=" " tag="040">
		<subfield code="a">ZYU</subfield>
		<subfield code="b">ara</subfield>
		<subfield code="e">rda</subfield>
		<subfield code="c">ZYU</subfield>
	</datafield>
	<datafield ind1=" " ind2=" " tag="043">
		<subfield code="a">a-sy---</subfield>
	</datafield>
	<datafield ind1=" " ind2="4" tag="050">
		<subfield code="a">DS98</subfield>
		<subfield code="b">.K3 1958</subfield>
	</datafield>
	<datafield ind1="1" ind2=" " tag="100">
		<subfield code="6">880-01</subfield>
		<subfield code="a">Kayyālī, ʻAbd al-Raḥmān.</subfield>
	</datafield>
	<datafield ind1="1" ind2="3" tag="245">
		<subfield code="6">880-02</subfield>
		<subfield code="a">al-Marāḥil fī al-intidāb al-Faransī wa-fī niḍālinā al-waṭanī /</subfield>
		<subfield code="c">ʻAbd al-Raḥmān al-Kayyālī.</subfield>
	</datafield>
	<datafield ind1=" " ind2=" " tag="260">
		<subfield code="6">880-03</subfield>
		<subfield code="a">Ḥalab, Sūriyā :</subfield>
		<subfield code="b">[publisher not identified],</subfield>
		<subfield code="c">1958-1960</subfield>
		<subfield code="e">(Ḥalab :</subfield>
		<subfield code="f">Maṭbaʻat al-Ḍād)</subfield>
	</datafield>
	<datafield ind1=" " ind2=" " tag="300">
		<subfield code="a">online resource (4 volumes in 3)</subfield>
	</datafield>
	<datafield ind1=" " ind2=" " tag="336">
		<subfield code="a">text</subfield>
		<subfield code="2">rdacontent</subfield>
	</datafield>
	<datafield ind1=" " ind2=" " tag="337">
		<subfield code="a">computer</subfield>
		<subfield code="2">rdamedia</subfield>
	</datafield>
	<datafield ind1=" " ind2=" " tag="338">
		<subfield code="a">online resource</subfield>
		<subfield code="2">rdacarrier</subfield>
	</datafield>
	<datafield ind1=" " ind2=" " tag="500">
		<subfield code="a">Part of the Arabic Collections Online (ACO) project, contributed by Princeton University Libraries.</subfield>
	</datafield>
	<datafield ind1="1" ind2=" " tag="505">
		<subfield code="a">Al-Juzʼ 1. Min ʻām 1926 ḥattá nihāyat ʻām 1939. -- al-Juzʼ 2. ʻAhd Dī Mārtil min ʻām 1933 ilá ʻām 1934. -- al-Juzʼ 3. ʻAhd Dī Mārtil min ʻām 1934 liá ʻām 1936. -- al-Juzʼ 4. Min ʻām 1936-1939.</subfield>
	</datafield>
	<datafield ind1=" " ind2=" " tag="533">
		<subfield code="a">Electronic reproduction.</subfield>
		<subfield code="b">New York, N.Y. :</subfield>
		<subfield code="c">New York University,</subfield>
		<subfield code="d">2020.</subfield>
		<subfield code="5">NNU</subfield>
	</datafield>
	<datafield ind1=" " ind2="0" tag="651">
		<subfield code="a">Syria</subfield>
		<subfield code="x">History</subfield>
		<subfield code="y">20th century.</subfield>
	</datafield>
	<datafield ind1=" " ind2="7" tag="651">
		<subfield code="a">Syria.</subfield>
		<subfield code="2">fast</subfield>
		<subfield code="0">(OCoLC)fst01208757</subfield>
	</datafield>
	<datafield ind1=" " ind2="7" tag="648">
		<subfield code="a">1900-1999</subfield>
		<subfield code="2">fast</subfield>
	</datafield>
	<datafield ind1=" " ind2="7" tag="655">
		<subfield code="a">History.</subfield>
		<subfield code="2">fast</subfield>
		<subfield code="0">(OCoLC)fst01411628</subfield>
	</datafield>
	<datafield ind1="2" ind2=" " tag="710">
		<subfield code="a">Princeton University.</subfield>
		<subfield code="b">Library.</subfield>
	</datafield>
	<datafield ind1="0" ind2=" " tag="730">
		<subfield code="a">Arabic Collections Online.</subfield>
	</datafield>
	<datafield ind1="0" ind2="8" tag="776">
		<subfield code="i">Print version:</subfield>
		<subfield code="a">Kayyālī, ʻAbd al-Raḥmān.</subfield>
		<subfield code="t">al-Marāḥil fī al-intidāb al-Faransī wa-fī niḍālinā al-waṭanī</subfield>
		<subfield code="w">(NjP)4148029</subfield>
		<subfield code="w">(OCoLC)38785670</subfield>
	</datafield>
	<datafield ind1="4" ind2="0" tag="856">
		<subfield code="u">http://hdl.handle.net/2333.1/4xgxdbt3</subfield>
	</datafield>
	<datafield ind1="1" ind2=" " tag="880">
		<subfield code="6">100-01</subfield>
		<subfield code="a">كيالي، عبد الرحمن.</subfield>
	</datafield>
	<datafield ind1="1" ind2="2" tag="880">
		<subfield code="6">245-02</subfield>
		<subfield code="a">المراحل في الانتداب الفرنسي وفي نضالنا الوطني /</subfield>
		<subfield code="c">عبد الرحمن الكيالي.</subfield>
	</datafield>
	<datafield ind1=" " ind2=" " tag="880">
		<subfield code="6">260-03</subfield>
		<subfield code="a">حلب، سوريا :</subfield>
		<subfield code="b">[publisher not identified]،</subfield>
		<subfield code="c">1958-1960</subfield>
		<subfield code="e">(حلب :</subfield>
		<subfield code="f">مطبعة الضاد)</subfield>
	</datafield>
	<datafield ind1=" " ind2=" " tag="959">
		<subfield code="a">NNU</subfield>
		<subfield code="b">WEB</subfield>
		<subfield code="c">GENI</subfield>
		<subfield code="t">0</subfield>
		<subfield code="m">Electronic access</subfield>
		<subfield code="s">01</subfield>
	</datafield>
	<datafield ind1=" " ind2=" " tag="999">
		<subfield code="i">NjP_4148029</subfield>
		<subfield code="o">(OCoLC)ocm38785670</subfield>
		<subfield code="s">princeton_aco004372:v. 1</subfield>
		<subfield code="s">princeton_aco004373:v. 2</subfield>
		<subfield code="s">princeton_aco004374:v. 3</subfield>
		<subfield code="s">princeton_aco004375:v. 4</subfield>
		<subfield code="e">(ERROR-880)</subfield>
		<subfield code="s">princeton_aco004372:v. 1</subfield>
		<subfield code="s">princeton_aco004373:v. 2</subfield>
		<subfield code="s">princeton_aco004374:v. 3</subfield>
		<subfield code="s">princeton_aco004375:v. 4</subfield>
	</datafield>
</record>
